<record><leader>00000cas a22000007a 4500</leader><controlfield tag="001">10471622</controlfield><controlfield tag="008">840229d18671989ncuwr ne      0    0eng d</controlfield><datafield ind1=" " ind2=" " tag="010"><subfield code="a">sn 84026524 </subfield></datafield><datafield ind1=" " ind2=" " tag="040"><subfield code="a">NPU</subfield><subfield code="b">eng</subfield><subfield code="c">NPU</subfield><subfield code="d">NYG</subfield><subfield code="d">DLC</subfield><subfield code="d">NPX</subfield><subfield code="d">NPY</subfield><subfield code="d">OCL</subfield><subfield code="d">NVJ</subfield><subfield code="d">DLC</subfield><subfield code="d">OCLCQ</subfield></datafield><datafield ind1=" " ind2=" " tag="042"><subfield code="a">msc</subfield></datafield><datafield ind1="0" ind2="0" tag="050"><subfield code="a">Newspaper</subfield></datafield><datafield ind1="0" ind2="4" tag="245"><subfield code="a">The Roanoke news.</subfield></datafield><datafield ind1=" " ind2=" " tag="260"><subfield code="a">Weldon, N.C. :</subfield><subfield code="b">Stone &amp; Uzzell</subfield></datafield><datafield ind1=" " ind2=" " tag="300"><subfield code="a">v. ;</subfield><subfield code="c">61 cm.</subfield></datafield><datafield ind1=" " ind2=" " tag="310"><subfield code="a">Weekly,</subfield><subfield code="b">Apr. 6, 1878-Feb. 16, 1989</subfield></datafield><datafield ind1=" " ind2=" " tag="321"><subfield code="a">Semiweekly,</subfield><subfield code="b">1867-Mar. 30, 1878</subfield></datafield><datafield ind1="1" ind2=" " tag="362"><subfield code="a">Began in May 1867.</subfield><subfield code="z">Cf. Gregory, W. Amer. newspapers.</subfield></datafield><datafield ind1="0" ind2=" " tag="362"><subfield code="a">-123rd year (Feb. 16, 1989).</subfield></datafield><datafield ind1=" " ind2=" " tag="500"><subfield code="a">Independent Democratic.</subfield></datafield><datafield ind1=" " ind2=" " tag="515"><subfield code="a">Numbering begins anew with [n.s.] v. 1, no. 1 (Mar. 9, 1872) when the Manning Bros. become publisher.</subfield></datafield><datafield ind1=" " ind2=" " tag="515"><subfield code="a">Volume designation dropped in 1932. Number designation dropped in 1933.</subfield></datafield><datafield ind1=" " ind2=" " tag="588"><subfield code="a">Description based on: Vol. 1, no. 57 (Mar. 25, 1868).</subfield></datafield><datafield ind1=" " ind2=" " tag="752"><subfield code="a">United States</subfield><subfield code="b">North Carolina</subfield><subfield code="c">Halifax</subfield><subfield code="d">Weldon.</subfield></datafield><datafield ind1="1" ind2=" " tag="029"><subfield code="a">AU@</subfield><subfield code="b">000026223284</subfield></datafield></record>